@BOOK{larenz:methoden,
  author = {Larenz, Karl and Canaris, Claus-Wilhelm},
  title = {Methodenlehre der Rechtswissenschaft},
  edition = {3},
  year = {2013},
  isbn = {978-3-662-08709-1},
  publisher = {Springer-Verlag},
  address = {Berlin Heidelberg New York},
  shorttitle = {Methodenlehre},
  keywords = {book:1},
}
@BOOK{maurer:allgverwr,
  author = {Maurer, Hartmut and Waldhoff, Christian},
  title = {Allgemeines Verwaltungsrecht},
  edition = {19},
  year = {2017},
  address = {München},
  publisher = {C.H. Beck},
  shorttitle = {AllgVerwR},
}
@BOOK{medicus:br,
  author = {Medicus, Dieter and Petersen, Jens},
  title = {Bürgerliches Recht},
  titleaddon = {Eine nach Anspruchsgrundlagen geordnete Darstellung zur Examensvorbereitung},
  edition = {27},
  year = {2019},
  address = {München},
  publisher = {Vahlen},
  %shorttitle = {BR},
}
@BOOK{coupette,
  author = {Coupette, Corinna},
  title = {Juristische Netzwerkforschung},
  year = {2019},
  address = {Tübingen},
  %shorttitle = {Netzwerkforschung},
  publisher = {Mohr Siebeck},
  doi = {10.1628/978-3-16-157012-4},
  addendum = {(zugl. Diss. Bucerius Law School 2018)},
  keywords = {book:diss},
}

@ARTICLE{stamm:verzinsung,
  author = {Jürgen Stamm},
  title = {Die Verzinsung des zivilprozessualen Kostenerstattungsanspruchs},
  journal = {NJW},
  year = {2019},
  pages = {3473-3477},
}

@ARTICLE{stamm:zweiter,
  author = {Jürgen Stamm},
  title = {Ein ausgedachter zweiter Artikel},
  journal = {NStZ},
  year = {1961},
  pages = {1-8},
}

@ARTICLE{stamm:dritter,
  author = {Stamm, Otro},
  title = {Ein dritter fiktiver Artikel},
  journal = {JZ},
  year = {1971},
  pages = {123-149},
}

@ARTICLE{hellgardt:ar,
  author = {Alexander Hellgardt and Sebastian Unger},
  title = {Aufsichtsrat und Anteilseigentum},
  journal = {ZHR},
  volume = {183},
  year = {2019},
  pages = {406-454},
}

@ARTICLE{vierautoren,
  author = {von Graf, Otto and de Beer, Diamant and Mustermann, Max and Nachname, Vorname},
  title = {Ein ausgedachter Aufsatz mit vier Authoren},
  journal = {RabelsZ},
  year = {2019},
  volume = {83},
  pages = {1-35},
}

@ARTICLE{gehrlein:vollstreckung,
  author = {Gehrlein, Markus},
  title = {Effektive Durchsetzung des Rechts des Gläubigers bei der zivilrechtlichen Zwangsvollstreckung},
  journal = {DZWIR},
  year = {2019},
  pages = {516-525},
  doi = {10.1515/dwir-2019-0143},
}

@COMMENTARY{palandt,
  editor = {Palandt, Otto},
  editortype = {founder},
  title = {Bürgerliches Gesetzbuch mit Nebengesetzen},
  year = {2019},
  edition = {79},
  isbn = {978-3-406-73800-5},
  publisher = {C.H. Beck},
  address = {München},
  shorthand = {Palandt},
  options = {howcited},
  keywords = {palandt},
}

@COMMENTARY{maunzduerig,
  title = {Grundgesetz},
  editor = {Maunz,  Theodor  and  Dürig,  Günter},
  editortype = {founder},
  edition = {80. Erg.-Lfg., März 2019},
  publisher = {C.H. Beck},
  address = {München},
  shorthand  = {Maunz/Dürig},
  options = {bearbeiterin}%, howcited}
}

@COMMENTARY{erbr,
  title = {Erbrecht},
  editor = {Burandt, Wolfgang and Rojahn, Dieter},
  edition = {3},
  year = {2019},
  publisher = {C.H. Beck},
  address = {München},
  shorthand  = {Burandt/Rojahn},
  %options = {howcited},
}

@COMMENTARY{ebjs1,
  maintitle = {Handelsgesetzbuch},
  title = {Band 1, §§~1--342e},
  editor = {Ebenroth, Carsten Thomas and Boujong, Karlheinz and Joost, Detlev and Strohn, Lutz},
  edition = {4},
  year = {2020},
  publisher = {C.H. Beck},
  address = {München},
  shorthand = {EBJS},
  options = {howcited},
}

@COMMENTARY{erfk,
  title = {Erfurter Kommentar zum Arbeitsrecht},
  editor = {Müller-Glöge, Rudi and Preis, Ulrich and Schmidt, Ingrid},
  edition = {17},
  address = {München},
  year = {2017},
  publisher = {C.H. Beck},
  shorthand = {ErfK},
  options = {howcited, citedbytitle},
}

@COMMENTARY{hdbversr,
  title = {Versicherungsrechts-Handbuch},
  editor = {Beckmann, Roland Michael and Matusche-Beckmann, Annemarie},
  edition = {3},
  address = {München},
  year = {2015},
  publisher = {C.H. Beck},
  shorthand = {VersRHdb},
  options = {citedbytitle, bearbeiterin, howcited}
}

@COMMENTARY{beckokbgb,
  title = {Beck’scher Online-Kommentar BGB},
  editor = {Bamberger, Georg and Roth, Herbert and Hau, Wolfgang and Poseck, Roman},
  edition = {52. Ed., Stand 01.11.2019},
  address = {München},
  publisher = {C.H. Beck},
  shorthand = {BeckOK BGB},
  options = {citedbytitle, howcited},
}

@COMMENTARY{kkstpo,
  title = {Karlsruher Kommentar zur Strafprozessordnung},
  editor = {Hannich, Rolf},
  edition = {8},
  year = {2019},
  address = {München},
  publisher = {C.H. Beck},
  shorthand = {KK-StPO},
  options = {citedbytitle, bearbeiterin, howcited},
}

@COMMENTARY{muekobgb,
  maintitle = {Münchener Kommentar zum Bürgerlichen Gesetzbuch},
  title = {\hfill\hfill\linebreak
  Band 1: Allgemeiner Teil. Hrsg. von Franz Säcker. 7. Aufl., München 2015.\hfill\hfill\linebreak
  Band 2: Schuldrecht – Allgemeiner Teil. Hrsg. von Wolfgang Krüger. 7. Aufl., München 2016.\hfill\hfill\linebreak},
  shorthand = {MüKoBGB},
  addendum = {(jeweils zit. als MüKoBGB/\emph{Bearbeiter})},
  options = {citedbytitle},
}

@COMMENTARY{staudinger,
  maintitle = {Kommentar zum Bürgerlichen Gesetzbuch mit Ein\-führungs\-gesetz und Nebengesetzen},
  title = {\hfill\hfill\linebreak
  §§~433--480 (Kaufrecht): Neubearbeitung 2014 von  Michael Beckmann, Annemarie  Matusche-Beckmann und Martin Josef Schermeier.\hfill\hfill\linebreak
  §§~611--613 (Dienstvertragsrecht 1): Neubearbeitung 2016 von Philipp S. Fischinger und Reinhard Richardi.\hfill\hfill\linebreak},
  editor = {Staudinger, Julius von},
  editortype = {founder},
  address = {Berlin},
  shorthand = {Staudinger},
  addendum = {(jeweils zit. als Staudinger/\emph{Bearbeiter})},
}

@COMMENTARY{fischer:stgb,
  editor = {Fischer, Thomas},
  title = {Strafgesetzbuch und Nebengesetze},
  shorthand = {\emph{Fischer}},
  year = {2020},
  address = {München},
  edition = {67},
  publisher = {C.H. Beck}
}

@COMMENTARY{hentschel:stvr,
  editor = {Hentschel, Peter and König, Peter and Dauer, Peter},
  %editortype = {editor},
  %editora = {König, Peter and Dauer, Peter},
  %editoratype = {redactor},
  title = {Straßenverkehrsrecht},
  shorthand = {Hentschel/König/Dauer},
  year = {2015},
  address = {München},
  edition = {43},
  publisher = {C.H. Beck},
  options = {bearbeiterin}
}

@INCOLLECTION{laack:infra,
  booktitle = {Infrastruktur-Recht: Festschrift für Wilfried Erbguth zum 70. Geburtstag},
  title = {Ein ausgedachter Artikel zum Infrastukturrecht},
  author = {van Laack, Hemd and de Beer, Diamant and Mitautor, Vorname},
  editor = {Sabine Schlacke and Guy Beaucamp and Mathias Schubert},
  address = {Berlin},
  publisher = {Duncker \& Humblot},
  year = {2019},
  pages = {55-75},
  shorttitle = {FS Erbguth},
  options = {fshowcited},
}

@incollection{beckemper:unvernunft,
  title = {Unvernunft als Zurechnungskriterium in den \enquote{Retter\-fällen}},
  author = {Beckemper, Katharina},
  booktitle = {Strafrecht als Scientia Universalis -- Festschrift für Claus Roxin zum 80. Geburtstag},
  editor = {Manfred, Heinrich},
  year = {2011},
  pages = {397-411},
  address = {München},
  shorttitle = {FS Roxin},
  options = {fshowcited},
}

@report{weissbuchzukunft,
  title = {Weißbuch zur Zukunft Europas},
  titleaddon = {Die EU der 27 im Jahr 2025: Überlegungen und Szenarien},
  author = {{Europäische Kommission}},
  date = {2017-03-01},
  note = {COM(2017) 2025},
  doi = {10.2775/947247},
}

@report{ipcc:ocean,
  author = {IPCC},
  title = {Special Report on the Ocean and Cryosphere in a Changing Climate},
  date = {2019},
  %pubstate = {In press},
  url = {https://www.ipcc.ch/site/assets/uploads/sites/3/2019/12/SROCC_FullReport_FINAL.pdf},
  urldate = {2019-12-17},
}

@online{dskerfahrungsbericht,
  author = {Datenschutzkonferenz},
  title = {Erfahrungsbericht der unabhängigen Datenschutzaufsichtsbehörden  des Bundes und der Länder zur Anwendung der DS-GVO},
  shorttitle = {Erfahrungsbericht 2019},
  date = {2019-11},
  url = {https://www.datenschutzkonferenz-online.de/media/dskb/20191213_erfahrungsbericht_zur_anwendung_der_ds-gvo.pdf},
  urldate = {2019-12-17},
  options = {fshowcited},
}

@jurisdiction{viiizr255.17,
  gericht = {BGH},
  dokumententyp = {Beschluss},
  entscheidungsdatum = {2019-01-08},
  aktenzeichen = {VIII ZR 225/17},
  datenbank = {juris},
  %fundstelle = {NJW 2019, 1133},
  ecli = {ECLI:DE:BGH:2019:080119BVIIIZR225.17.0},
}

@jurisdiction{1str346.18,
  gericht = {BGH},
  dokumententyp = {Beschluss},
  entscheidungsdatum = {2019-09-24},
  aktenzeichen = {1 StR 346/18},
  datenbank = {beck-online},
}

@jurisdiction{1str346.18.2,
  gericht = {BGH},
  dokumententyp = {Beschluss},
  entscheidungsdatum = {2019-09-24},
  aktenzeichen = {1 StR 346/18},
  fundstelle = {NJW 2019, 3532},
  options = {citedbypage},
}

@jurisdiction{6p7.12,
  gericht = {BVerwG},
  dokumententyp = {Beschluss},
  entscheidungsdatum = {2003-02-19},
  aktenzeichen = {6 P 7.12},
  fundstelle = {BVerwGE 146, 48},
  ecli = {ECLI:DE:BVerwG: 2013:190213B6P7.12.0},
  %options = {citedbypage},
}

@jurisdiction{1c2.94,
  gericht = {BVerwG},
  dokumententyp = {Urteil},
  entscheidungsdatum = {1995-01-24},
  aktenzeichen = {1 C 2.94},
  fundstelle = {BVerwGE 97, 301},
  ecli = {ECLI:DE:BVerwG:1995:240195U1C2.94.0},
  options = {citedbypage},
}

@jurisdiction{c-355.18,
  gericht = {EuGH},
  dokumententyp = {Urteil},
  entscheidungsdatum = {2019-12-19},
  aktenzeichen = {C-355/18 u.a.},
  datenbank = {juris},
  ecli = {ECLI:EU:C:2019:1123},
}

@jurisdiction{11b61.98,
  gericht = {BVerwG},
  dokumententyp = {Beschluss},
  entscheidungsdatum = {1999-08-11},
  aktenzeichen = {11 B 61.98},
  fundstelle = {Buchholz 310 §~132 Abs.~2 Ziff. 1 VwGO Nr.~19},
  ecli = {ECLI:DE:BVerwG:1999:110899B11B61.98.0},
}

@jurisdiction{2bvl6.78,
  gericht = {BVerfG},
  dokumententyp = {Beschluss},
  entscheidungsdatum = {1979-01-17},
  aktenzeichen = {2 BvL 6/76},
  fundstelle = {BVerfGE 50, 195},
  options = {citedbypage},
}

@jurisdiction{2bvr1570.03,
  gericht = {BVerfG},
  dokumententyp = {Kammerbeschluss},
  entscheidungsdatum = {2001-03-01},
  aktenzeichen = {2 BvR 1570/03},
  fundstelle = {EuGRZ 2004, 317},
  options = {citedbypage},
}

@jurisdiction{11s207.11,
  gericht = {VGH Mannheim},
  dokumententyp = {Urteil},
  entscheidungsdatum = {2011-05-04},
  aktenzeichen = {11 S 207/11},
  fundstelle = {NVwZ 2011, 1210},
  %datenbank = {beck-online},
}

@jurisdiction{iiizr158.72,
  gericht = {BGH},
  dokumententyp = {Urteil},
  entscheidungsdatum = {1975-06-12},
  aktenzeichen = {III ZR 158/72},
  fundstelle = {BGHZ 64, 366},
  options = {citedbypage},
}

@jurisdiction{4C5.13,
  gericht = {BVerwG},
  dokumententyp = {Beschluss},
  entscheidungsdatum = {2013-05-16},
  aktenzeichen = {4 C 5.15},
  datenbank = {juris},
  ecli = {ECLI:DE:BVerwG:2013: 160513B4C5.13.0},
}

@jurisdiction{c208.00,
  gericht = {EuGH},
  dokumententyp = {Urteil},
  entscheidungsdatum = {2002-11-05},
  aktenzeichen = {C-208/00},
  datenbank = {juris},
  ecli = {ECLI:EU:C:2002:632},
  entscheidungsname = {Überseering},
}
@jurisdiction{64387.01,
  gericht = {EGMR},
  dokumententyp = {Urteil},
  entscheidungsdatum = {2005-02-10},
  aktenzeichen = {Nr.~64387/01},
  %datenbank = {juris},
  ecli = {ECLI:CE:ECHR:2005: 0210JUD006438701},
  entscheidungsname = {Uhl/Deutschland},
}
@jurisdiction{1bvr921.85,
  gericht = {BVerfG},
  dokumententyp = {Beschluss},
  entscheidungsdatum = {1989-06-06},
  aktenzeichen = {1 BvR 921/85},
  %fundstelle = {BVerfGE 80, 137-170},
  datenbank = {juris},
  entscheidungsname = {Reiten im Walde},
}
@jurisdiction{1bvr2821.11,
  gericht = {BVerfG},
  dokumententyp = {Urteil},
  entscheidungsdatum = {2016-12-06},
  aktenzeichen = {1 BvR 2821/11 u.a.},
  fundstelle = {BVerfGE 143, 246},
  ecli = {ECLI:DE:BVerfG:2016:rs20161206.1bvr282111},
  %datenbank = {juris},
  entscheidungsname = {Atomausstieg},
}

